{1:F01INGBNL2ABXXX0000000000}
{2:I940INGBNL2AXXXXN}
{4:
:20:P230209000000001
:25:NL65RABO0224663562EUR
:28C:13039
:60F:C230208EUR2410,27
:61:2302090209D223,04NDDTEREF//00000000002592
/TCRD/00166/
:86:/EREF/E6364099P3182268//MARF/M3-E55//CNTP/NL96INGB0212812091/
INGBNL2A/Bidfood///REMI/USTD//DEBIT Maestro 38993 CL/
:61:2302090209D75,25NTRFPREF//00000000004984
/TCRD/00158/
:86:/PREF/E1160183P2430796//CNTP/NL25RABO0167238268/RABONL2U/Wit/
//REMI/USTD//factuur 158654/
:61:2302090209C82,62NTRFEREF//0000000000222
/TCRD/00128/
:86:/EREF/E2644188P6281777//CNTP/NL55ABAN0652321319/ABNANL2A/D. W
olters///REMI/USTD//Factuur 687613 KlantNr 1011/
:61:2302090209D53,82NTRFPREF//00000000003243
/TCRD/0090/
:86:/PREF/E850264P9387057//CNTP/NL57INGB0256233730/INGBNL2A/ACC39
17///REMI/USTD//factuur 715363/
:61:2302090209D791,74NDDTPREF//00000000004233
/TCRD/0059/
:86:/PREF/E8881636P4904748//CNTP/NL98RABO0864523878/RABONL2U/Easy
Pay terzake Bronsport B.V.///REMI/USTD//iDeal payment id-760932/
:61:2302090209C149,08NTRFPREF//00000000009098
/TCRD/00930/
:86:/PREF/E8804447P8803804//CNTP/NL34INGB0266738919/INGBNL2A/J. H
uisman///REMI/USTD//factuur 994332/
:61:2302090209C251,71NTRFEREF//00000000004244
/TCRD/00234/
:86:/EREF/E3981435P3110844//CNTP/NL98INGB0369260475/INGBNL2A/J. G
erritsen///REMI/USTD//factuur 40626/
:61:2302090209C102,16NTRFPREF//00000000008643
/TCRD/00251/
:86:/PREF/E3727311P5799499//CNTP/NL44INGB0557226904/INGBNL2A/R. D
ongen///REMI/USTD//contributie Feb 2023/
:61:2302090209D122,94NTRFEREF//00000000003264
/TCRD/00564/
:86:/EREF/E1079194P235137//MARF/M6-E34//CNTP/NL21BUNQ0638538546/B
UNQNL2A/Moneytransfer///REMI/USTD//factuur 588591/
:61:2302090209C166,41NTRFEREF//00000000006147
/TCRD/00752/
:86:/EREF/E9859186P3285083//CSID/NL1142639Z6173189//CNTP/NL58INGB
0690491114/INGBNL2A/Z. Pol///REMI/USTD//factuur 784659/
:61:2302090209C180,86NTRFPREF//00000000003081
/TCRD/00473/
:86:/PREF/E8672209P6495550//CNTP/NL92ABAN0858275602/ABNANL2A/O. S
chipper///REMI/USTD//Factuur 148819/
:61:2302090209C142,72NTRFEREF//00000000001142
/TCRD/00645/
:86:/EREF/E1595410P5377044//CNTP/NL45INGB0342428056/INGBNL2A/H. L
aan///REMI/USTD//contributie FEB 23/
:61:2302090209D685,02NDDTEREF//0000000000562
/TCRD/00733/
:86:/EREF/E8755727P8704443//CNTP/NL86KNAB0183229407/KNABNL2H/Stri
pe terzake Idema///REMI/USTD//iDeal payment id-844314/
:61:2302090209C204,81NTRFEREF//00000000003825
/TCRD/00819/
:86:/EREF/E6836052P8685259//CNTP/NL74RABO0390688039/RABONL2U/I. V
isser///REMI/USTD//factuur 441103 Klantnr. 6978/
:61:2302090209D94,29NTRFEREF//00000000006858
/TCRD/00367/
:86:/EREF/E6283114P8374277//CNTP/NL38BUNQ0904675047/BUNQNL2A/ACC9
5475///REMI/USTD//Factuur 311477/
:61:2302090209C105,33NTRFEREF//00000000006809
/TCRD/00481/
:86:/EREF/E9910960P9725348//CNTP/NL99KNAB0112577047/KNABNL2H/D. S
meets///REMI/USTD//contributie Feb 23/
:61:2302090209D359,35NDDTEREF//00000000007264
/TCRD/00306/
:86:/EREF/E6677075P460973//CNTP/NL13BUNQ0587794592/BUNQNL2A/Hocra
s///REMI/USTD//DEBIT Maestro 21917 CL/
:61:2302090209C270,39NTRFEREF//00000000009718
/TCRD/00661/
:86:/EREF/E6468922P7974169//MARF/M0-E86//CSID/NL2021196Z6540703//
CNTP/NL50ABAN0869693293/ABNANL2A/Y. Jong///REMI/USTD//Factuur 332
678/
:61:2302090209D146,78NDDTPREF//00000000002598
/TCRD/00668/
:86:/PREF/E2364022P8398528//CNTP/NL51RABO0741303383/RABONL2U/Eile
rs sport///REMI/USTD//CARD 53875 CL/
:61:2302090209C48,50NTRFPREF//00000000008412
/TCRD/00486/
:86:/PREF/E8022174P9205860//CNTP/NL73KNAB0452729408/KNABNL2H/T. M
artens///REMI/USTD//donatie/
:61:2302090209C179,50NTRFPREF//00000000006194
/TCRD/009/
:86:/PREF/E402672P2421828//CSID/NL4836268Z6754888//CNTP/NL96BUNQ0
732350342/BUNQNL2A/B. Groen///REMI/USTD//Factuur 926649/
:61:2302090209C145,38NTRFPREF//00000000007073
/TCRD/00760/
:86:/PREF/E5607273P355702//CNTP/NL27RABO0384074517/RABONL2U/I. Sm
eets///REMI/USTD//contributie feb 2023/
:61:2302090209C169,16NTRFPREF//00000000002207
/TCRD/0087/
:86:/PREF/E4447015P6711064//CNTP/NL72BUNQ0247764324/BUNQNL2A/W. V
liet///REMI/USTD//factuur 429729/
:61:2302090209C114,69NTRFPREF//00000000005753
/TCRD/00212/
:86:/PREF/E2659642P2659355//CNTP/NL55ABAN0449532284/ABNANL2A/R. L
aan///REMI/USTD//contributie feb 23/
:61:2302090209C156,39NTRFEREF//000000000044
/TCRD/0080/
:86:/EREF/E4950164P5689372//CSID/NL2136092Z5914864//CNTP/NL65KNAB
0700971429/KNABNL2H/M. Visser///REMI/USTD//factuur 861023/
:61:2302090209C251,21NTRFEREF//00000000004535
/TCRD/00273/
:86:/EREF/E6348253P8665830//CNTP/NL98RABO0565726691/RABONL2U/C. L
oon///REMI/USTD//Contributie feb 23/
:61:2302090209C182,02NTRFPREF//00000000004848
/TCRD/00236/
:86:/PREF/E3162016P8752257//CNTP/NL50BUNQ0856353877/BUNQNL2A/C. B
osch///REMI/USTD//factuur 115666 klantnr 9055/
:61:2302090209C166,69NTRFPREF//00000000003849
/TCRD/00481/
:86:/PREF/E2411900P6838908//CNTP/NL33ABAN0134144154/ABNANL2A/Q. G
root///REMI/USTD//Factuur 744803/
:61:2302090209C245,07NTRFEREF//00000000009776
/TCRD/00316/
:86:/EREF/E3304346P7785936//CNTP/NL89ABAN0376350515/ABNANL2A/G. K
uijpers///REMI/USTD//Contributie feb 2023/
:61:2302090209D121,96NTRFPREF//00000000003073
/TCRD/00318/
:86:/PREF/E4080430P893048//CNTP/NL48ABAN0508427257/ABNANL2A/Huism
an///REMI/USTD//Factuur 386911/
:61:2302090209C143,18NTRFEREF//00000000008323
/TCRD/00237/
:86:/EREF/E5735764P6229788//MARF/M7-E4//CNTP/NL75RABO0802343441/R
ABONL2U/O. Smits///REMI/USTD//contributie feb 2023/
:61:2302090209C17,74NTRFEREF//00000000003561
/TCRD/00183/
:86:/EREF/E5188583P9427941//CNTP/NL79BUNQ0579360054/BUNQNL2A/I. V
ermeulen///REMI/USTD//Donatie klantnr. 1468/
:61:2302090209C90,89NTRFEREF//0000000000400
/TCRD/00521/
:86:/EREF/E5979096P1385351//CNTP/NL42KNAB0863398536/KNABNL2H/V. V
erbeek///REMI/USTD//Factuur 128173/
:61:2302090209C160,39NTRFEREF//00000000001541
/TCRD/00390/
:86:/EREF/E3562735P1131856//CNTP/NL94RABO0670775096/RABONL2U/H. K
ok///REMI/USTD//contributie FEB 2023/
:61:2302090209D152,07NDDTPREF//0000000000811
/TCRD/00677/
:86:/PREF/E2483302P9826406//MARF/M0-E28//CSID/NL766850Z7434943//C
NTP/NL65KNAB0366473426/KNABNL2H/Hocras///REMI/USTD//PAS Mastercar
d-56405 CL/
:61:2302090209C256,50NTRFEREF//00000000007752
/TCRD/00300/
:86:/EREF/E1194445P6377791//CNTP/NL45RABO0553745108/RABONL2U/D. H
euvel///REMI/USTD//Factuur 956536/
:61:2302090209C118,02NTRFPREF//00000000008998
/TCRD/0078/
:86:/PREF/E6551799P6621173//CSID/NL6105633Z338221//CNTP/NL94INGB0
947027051/INGBNL2A/E. Bos///REMI/USTD//Factuur 79410, Klantnr 452
/
:61:2302090209C233,01NTRFEREF//00000000003807
/TCRD/00779/
:86:/EREF/E9228979P7635320//CSID/NL151863Z1007795//CNTP/NL31RABO0
164952807/RABONL2U/M. Boer///REMI/USTD//contributie feb 2023/
:61:2302090209C224,82NTRFEREF//00000000005311
/TCRD/00110/
:86:/EREF/E9696218P6612803//CSID/NL1460408Z7268066//CNTP/NL97RABO
0329177544/RABONL2U/H. Prins///REMI/USTD//Factuur 677353/
:61:2302090209C156,49NTRFEREF//00000000009740
/TCRD/00811/
:86:/EREF/E5971254P1001976//CSID/NL6752625Z8965588//CNTP/NL84ABAN
0993540430/ABNANL2A/K. Vink///REMI/USTD//factuur 277368 klantnr 1
197/
:61:2302090209C242,66NTRFPREF//00000000008581
/TCRD/00461/
:86:/PREF/E3128070P3067892//MARF/M8-E77//CNTP/NL59RABO0979852138/
RABONL2U/N. Vries///REMI/USTD//contributie Feb 2023/
:61:2302090209C131,07NTRFPREF//00000000003616
/TCRD/0068/
:86:/PREF/E8399906P311375//MARF/M0-E80//CNTP/NL41BUNQ0738865425/B
UNQNL2A/D. Koning///REMI/USTD//Contributie Feb 23/
:61:2302090209C185,39NTRFEREF//00000000002915
/TCRD/00668/
:86:/EREF/E663701P2405624//CNTP/NL72RABO0913742334/RABONL2U/O. Mo
lenaar///REMI/USTD//contributie jan 23/
:61:2302090209D535,02NDDTPREF//00000000007264
/TCRD/00264/
:86:/PREF/E511242P900664//CNTP/NL72BUNQ0814017326/BUNQNL2A/Global
Collect terzake Bidfood///REMI/USTD//iDeal betaling ID307687/
:61:2302090209D483,11NDDTEREF//00000000009949
/TCRD/00331/
:86:/EREF/E6217180P1527055//CNTP/NL50ABAN0557472849/ABNANL2A/Glob
alCollect terzake Leba Sport///REMI/USTD//iDeal betaling ID50706/
:61:2302090209D413,02NDDTEREF//00000000003409
/TCRD/00416/
:86:/EREF/E9027171P9284284//CNTP/NL74ABAN0687922288/ABNANL2A/Glob
alCollect terzake Eilers sport///REMI/USTD//iDeal betaling C51337
3/
:61:2302090209C216,22NTRFPREF//00000000009312
/TCRD/00207/
:86:/PREF/E8320924P5457464//CNTP/NL91KNAB0781736930/KNABNL2H/J. L
eeuwen///REMI/USTD//Factuur 526212/
:61:2302090209D599,37NDDTPREF//00000000007812
/TCRD/00867/
:86:/PREF/E2315148P7972617//CSID/NL616707Z3555305//CNTP/NL69BUNQ0
667073246/BUNQNL2A/Stripe terzake Idema///REMI/USTD//iDeal paymen
t ID890452/
:61:2302090209C224,69NTRFEREF//00000000003373
/TCRD/00232/
:86:/EREF/E717213P4536436//CNTP/NL41BUNQ0369764656/BUNQNL2A/V. Wi
jk///REMI/USTD//Contributie Feb 2023/
:61:2302090209C180,53NTRFEREF//00000000003953
/TCRD/00525/
:86:/EREF/E7282592P3151352//CNTP/NL61BUNQ0811374077/BUNQNL2A/J. D
am///REMI/USTD//Contributie feb 23/
:61:2302090209C141,75NTRFEREF//0000000000404
/TCRD/00375/
:86:/EREF/E7913340P1044357//CNTP/NL19INGB0407292795/INGBNL2A/F. M
eulen///REMI/USTD//Contributie jan 23/
:61:2302090209D475,30NDDTPREF//00000000002522
/TCRD/00973/
:86:/PREF/E5049074P1454197//MARF/M2-E11//CSID/NL6676083Z2934295//
CNTP/NL54KNAB0617849954/KNABNL2H/EasyPay terzake Eilers sport///R
EMI/USTD//iDeal betaling id-654152/
:61:2302090209C19,47NTRFEREF//00000000008995
/TCRD/00600/
:86:/EREF/E5401652P9077829//MARF/M6-E79//CNTP/NL21KNAB0814488382/
KNABNL2H/B. Veenstra///REMI/USTD//donatie/
:61:2302090209D332,67NDDTPREF//00000000006123
/TCRD/00546/
:86:/PREF/E6458730P7957392//CNTP/NL86BUNQ0494532924/BUNQNL2A/Bron
sport B.V.///REMI/USTD//PAS Maestro 2294/
:61:2302090209D115,40NTRFEREF//00000000006788
/TCRD/00859/
:86:/EREF/E4510523P7202448//CNTP/NL80INGB0895612512/INGBNL2A/Bela
stingdienst///REMI/USTD//Rekening 64455/
:61:2302090209C159,39NTRFEREF//00000000004114
/TCRD/00930/
:86:/EREF/E5971484P6719885//CNTP/NL82BUNQ0814943648/BUNQNL2A/J. P
ol///REMI/USTD//Contributie Feb 23/
:61:2302090209D760,69NDDTEREF//00000000001258
/TCRD/00746/
:86:/EREF/E5967019P3736490//CSID/NL9512307Z8864888//CNTP/NL86KNAB
0355798302/KNABNL2H/Stripe terzake Hocras///REMI/USTD//iDeal beta
ling id-589059/
:61:2302090209D736,26NDDTEREF//0000000000166
/TCRD/00948/
:86:/EREF/E9903784P8414031//MARF/M1-E20//CSID/NL8301681Z7369642//
CNTP/NL53RABO0944694313/RABONL2U/Stripe terzake Leba Sport///REMI
/USTD//iDeal betaling ID74465/
:61:2302090209D482,53NDDTPREF//00000000005126
/TCRD/00441/
:86:/PREF/E5972731P7086153//CSID/NL5393168Z9034473//CNTP/NL22KNAB
0985947658/KNABNL2H/GlobalCollect terzake Sligro///REMI/USTD//iDe
al payment C377155/
:61:2302090209D409,56NDDTEREF//00000000005163
/TCRD/00893/
:86:/EREF/E1541538P1442069//CSID/NL1634067Z4563769//CNTP/NL17BUNQ
0989235452/BUNQNL2A/Eilers sport///REMI/USTD//DEBIT Maestro 54227
/
:61:2302090209C109,14NTRFPREF//00000000009168
/TCRD/00137/
:86:/PREF/E294394P6736533//CNTP/NL42ABAN0668323196/ABNANL2A/L. Mu
lder///REMI/USTD//factuur 23552/
:61:2302090209C191,35NTRFPREF//0000000000853
/TCRD/00954/
:86:/PREF/E2517012P7025330//CNTP/NL37ABAN0262431422/ABNANL2A/G. B
ruin///REMI/USTD//Contributie jan 2023/
:61:2302090209C276,75NTRFEREF//00000000005319
/TCRD/00113/
:86:/EREF/E798823P1620421//CSID/NL5103404Z2104291//CNTP/NL90KNAB0
887770208/KNABNL2H/O. Brouwer///REMI/USTD//Factuur 611440, klantn
r 4530/
:61:2302090209D286,18NDDTPREF//00000000001813
/TCRD/00368/
:86:/PREF/E949439P3901182//CNTP/NL84RABO0297797337/RABONL2U/Leba 
Sport///REMI/USTD//PIN Mastercard-59932 CL/
:61:2302090209D455,19NDDTPREF//00000000003277
/TCRD/00189/
:86:/PREF/E1629351P9256776//CNTP/NL28BUNQ0679407913/BUNQNL2A/Leba
 Sport///REMI/USTD//DEBIT 93319 CL/
:61:2302090209C108,07NTRFPREF//00000000002348
/TCRD/00131/
:86:/PREF/E4429118P456496//CNTP/NL11ABAN0118268612/ABNANL2A/N. Bo
er///REMI/USTD//contributie Feb 2023/
:61:2302090209C189,04NTRFEREF//00000000001114
/TCRD/00614/
:86:/EREF/E3270576P6272303//CSID/NL8573045Z2723133//CNTP/NL82RABO
0393562363/RABONL2U/Y. Hendriks///REMI/USTD//Factuur 940375/
:62F:C230209EUR590,97
:64:C230209EUR590,97
:65:C230210EUR590,97
:65:C230213EUR590,97
:86:/SUM/24/43/8910,56/7091,26/
-}
