{1:F01INGBNL2ABXXX0000000000}
{2:I940INGBNL2AXXXXN}
{4:
:20:P230208000000001
:25:NL65RABO0224663562EUR
:28C:13038
:60F:C230207EUR1215,24
:61:2302080208C140,62NTRFPREF//00000000007808
/TCRD/00221/
:86:/PREF/E4732470P3190308//MARF/M0-E19//CNTP/NL60KNAB0992306449/
KNABNL2H/H. Boer///REMI/USTD//factuur 970595/
:61:2302080208C24,14NTRFEREF//0000000000920
/TCRD/00163/
:86:/EREF/E885760P8875051//CSID/NL3536060Z6401235//CNTP/NL99ABAN0
836869208/ABNANL2A/W. Dijkstra///REMI/USTD//Donatie/
:61:2302080208D497,52NDDTPREF//00000000002787
/TCRD/00484/
:86:/PREF/E7812182P333938//CSID/NL8201455Z9709328//CNTP/NL16KNAB0
331971794/KNABNL2H/Idema///REMI/USTD//CARD Mastercard-8178/
:61:2302080208D270,13NDDTPREF//00000000002396
/TCRD/00286/
:86:/PREF/E7430446P931551//CNTP/NL41KNAB0286065475/KNABNL2H/Eiler
s sport///REMI/USTD//PIN Mastercard-86253/
:61:2302080208C175,83NTRFPREF//00000000007608
/TCRD/00763/
:86:/PREF/E4597886P2535246//CNTP/NL62INGB0535751000/INGBNL2A/N. G
roen///REMI/USTD//Contributie jan 2023/
:61:2302080208C176,44NTRFEREF//00000000008073
/TCRD/0054/
:86:/EREF/E1850276P9304395//CNTP/NL46KNAB0184616281/KNABNL2H/G. B
oer///REMI/USTD//contributie jan 23/
:61:2302080208C227,01NTRFEREF//00000000007098
/TCRD/00128/
:86:/EREF/E8764145P9195496//MARF/M2-E61//CSID/NL2916843Z6424080//
CNTP/NL62KNAB0232270905/KNABNL2H/G. Bruijn///REMI/USTD//Contribut
ie feb 2023/
:61:2302080208D135,89NTRFPREF//00000000003303
/TCRD/00131/
:86:/PREF/E708519P3197567//CSID/NL8874002Z5078033//CNTP/NL93KNAB0
651369680/KNABNL2H/ACC66748///REMI/USTD//factuur 386829/
:61:2302080208C257,27NTRFPREF//00000000007666
/TCRD/00348/
:86:/PREF/E617427P6157405//CSID/NL7791288Z9005233//CNTP/NL87KNAB0
296302458/KNABNL2H/N. Schouten///REMI/USTD//contributie FEB 23/
:61:2302080208C251,40NTRFPREF//00000000002731
/TCRD/00652/
:86:/PREF/E8731467P3032175//CSID/NL1792985Z9427732//CNTP/NL96RABO
0441042296/RABONL2U/H. Leeuw///REMI/USTD//Contributie FEB 2023/
:61:2302080208D459,62NDDTEREF//0000000000598
/TCRD/00921/
:86:/EREF/E2119525P157468//CNTP/NL57BUNQ0217691368/BUNQNL2A/Idema
///REMI/USTD//DEBIT Mastercard-50756/
:61:2302080208D52,99NTRFEREF//00000000003652
/TCRD/00351/
:86:/EREF/E7348604P8893989//MARF/M0-E46//CNTP/NL38RABO0269933098/
RABONL2U/ACC2014///REMI/USTD//Factuur 500781/
:61:2302080208C125,53NTRFEREF//00000000002552
/TCRD/00293/
:86:/EREF/E4993164P227426//CNTP/NL55KNAB0984768267/KNABNL2H/K. Ve
en///REMI/USTD//Contributie Feb 23/
:61:2302080208C201,47NTRFPREF//00000000004115
/TCRD/0071/
:86:/PREF/E6808625P2189819//CNTP/NL40KNAB0913052460/KNABNL2H/W. V
isser///REMI/USTD//Factuur 415685/
:61:2302080208C180,38NTRFEREF//00000000009009
/TCRD/00122/
:86:/EREF/E6721586P8383494//CNTP/NL16KNAB0754742902/KNABNL2H/H. S
mits///REMI/USTD//factuur 659002/
:61:2302080208D440,36NDDTEREF//00000000005977
/TCRD/00606/
:86:/EREF/E8818943P7627288//CNTP/NL34ABAN0558908585/ABNANL2A/Easy
Pay terzake Bronsport B.V.///REMI/USTD//iDeal payment C469830/
:61:2302080208C80,35NTRFPREF//00000000006335
/TCRD/0075/
:86:/PREF/E9187759P1404447//CNTP/NL67ABAN0396271998/ABNANL2A/P. D
ekker///REMI/USTD//Factuur 57917/
:61:2302080208C8,02NTRFEREF//00000000007019
/TCRD/00896/
:86:/EREF/E4294106P3489114//CNTP/NL79KNAB0254612989/KNABNL2H/M. G
roen///REMI/USTD//Donatie/
:61:2302080208D132,69NTRFEREF//0000000000851
/TCRD/00131/
:86:/EREF/E6878641P7878996//CNTP/NL79KNAB0655419700/KNABNL2H/ACC8
6233///REMI/USTD//factuur 319212/
:61:2302080208D769,89NDDTPREF//00000000009610
/TCRD/00927/
:86:/PREF/E5295552P9597070//CNTP/NL40KNAB0168320345/KNABNL2H/Glob
alCollect terzake Idema///REMI/USTD//iDeal betaling id-45643/
:61:2302080208C266,55NTRFPREF//00000000002819
/TCRD/00489/
:86:/PREF/E9821509P2034066//CNTP/NL51ABAN0966428868/ABNANL2A/S. P
ol///REMI/USTD//contributie Feb 23/
:61:2302080208D369,45NDDTPREF//00000000005420
/TCRD/00606/
:86:/PREF/E6618465P3782267//CNTP/NL49BUNQ0428524206/BUNQNL2A/Eile
rs sport///REMI/USTD//card Maestro 57910/
:61:2302080208C178,37NTRFEREF//00000000008426
/TCRD/00893/
:86:/EREF/E8474321P4576885//CSID/NL7108119Z8793845//CNTP/NL13BUNQ
0234202996/BUNQNL2A/H. Groen///REMI/USTD//factuur 736795 Klantnr.
 5675/
:61:2302080208C268,88NTRFEREF//00000000006655
/TCRD/00704/
:86:/EREF/E4515053P7366583//CNTP/NL26RABO0763514196/RABONL2U/R. S
chipper///REMI/USTD//Contributie Feb 23/
:61:2302080208C107,54NTRFPREF//00000000006108
/TCRD/00528/
:86:/PREF/E604058P1562387//CNTP/NL77INGB0843215781/INGBNL2A/A. Wi
t///REMI/USTD//contributie Feb 23/
:61:2302080208C46,53NTRFEREF//00000000006900
/TCRD/00487/
:86:/EREF/E3777230P9842709//MARF/M8-E17//CNTP/NL64KNAB0766082693/
KNABNL2H/B. Boer///REMI/USTD//Donatie/
:61:2302080208C179,81NTRFEREF//00000000002733
/TCRD/00212/
:86:/EREF/E2856813P2895674//CNTP/NL30RABO0990651307/RABONL2U/A. S
chouten///REMI/USTD//Contributie Feb 23/
:61:2302080208C132,58NTRFPREF//00000000007864
/TCRD/00591/
:86:/PREF/E9369873P6819757//CNTP/NL74ABAN0698660565/ABNANL2A/Q. B
akker///REMI/USTD//contributie jan 2023/
:61:2302080208D263,79NDDTPREF//00000000009193
/TCRD/00891/
:86:/PREF/E5403074P9855894//CNTP/NL55INGB0374149502/INGBNL2A/HANO
S///REMI/USTD//card Mastercard-48617 CL/
:61:2302080208C184,43NTRFEREF//00000000005827
/TCRD/00193/
:86:/EREF/E1357306P5725530//CNTP/NL84BUNQ0537419734/BUNQNL2A/Y. P
ostma///REMI/USTD//contributie feb 23/
:61:2302080208C262,21NTRFEREF//00000000001090
/TCRD/00543/
:86:/EREF/E2991889P4347429//CNTP/NL73RABO0734447253/RABONL2U/F. G
raaf///REMI/USTD//Factuur 214267/
:61:2302080208C125,45NTRFEREF//00000000004411
/TCRD/00923/
:86:/EREF/E8927178P7533028//CNTP/NL22BUNQ0857514431/BUNQNL2A/D. W
illems///REMI/USTD//factuur 162393/
:61:2302080208C82,43NTRFEREF//00000000004169
/TCRD/00604/
:86:/EREF/E3971814P1070638//CSID/NL4896244Z3482323//CNTP/NL51BUNQ
0595883611/BUNQNL2A/H. Doorn///REMI/USTD//Factuur 172840/
:61:2302080208C237,46NTRFEREF//00000000004594
/TCRD/00846/
:86:/EREF/E6996743P4672314//CSID/NL7117418Z8583583//CNTP/NL88KNAB
0720937081/KNABNL2H/N. Bosman///REMI/USTD//contributie Feb 23/
:61:2302080208C183,57NTRFEREF//00000000003525
/TCRD/00984/
:86:/EREF/E7204595P591637//CSID/NL4728474Z5768097//CNTP/NL92BUNQ0
948724388/BUNQNL2A/G. Janssen///REMI/USTD//Contributie FEB 2023/
:61:2302080208C123,54NTRFEREF//00000000001111
/TCRD/00456/
:86:/EREF/E3849486P595008//CNTP/NL60KNAB0827277030/KNABNL2H/B. Ru
iter///REMI/USTD//Contributie FEB 2023/
:61:2302080208C123,93NTRFEREF//00000000001122
/TCRD/00216/
:86:/EREF/E1985050P311248//CSID/NL3919191Z9356853//CNTP/NL48INGB0
902762916/INGBNL2A/L. Molenaar///REMI/USTD//factuur 136304/
:61:2302080208C80,45NTRFEREF//00000000009258
/TCRD/00875/
:86:/EREF/E2988603P3156282//CNTP/NL36KNAB0888094791/KNABNL2H/H. B
akker///REMI/USTD//Factuur 541046/
:61:2302080208D572,75NDDTEREF//00000000006492
/TCRD/00434/
:86:/EREF/E5359791P3783965//CNTP/NL17ABAN0223102329/ABNANL2A/Easy
Pay terzake Eilers sport///REMI/USTD//iDeal betaling id-617480/
:61:2302080208D78,43NTRFPREF//00000000005937
/TCRD/00990/
:86:/PREF/E5601066P8703647//CNTP/NL43RABO0966365499/RABONL2U/Vlie
t///REMI/USTD//factuur 290946/
:61:2302080208C31,92NTRFEREF//00000000008066
/TCRD/00817/
:86:/EREF/E9830631P6983410//CNTP/NL90KNAB0371630072/KNABNL2H/O. H
uisman///REMI/USTD//Donatie/
:61:2302080208C265,36NTRFPREF//0000000000785
/TCRD/00631/
:86:/PREF/E5782705P4100927//CNTP/NL70RABO0862401859/RABONL2U/Y. V
os///REMI/USTD//factuur 797546/
:61:2302080208D799,74NDDTPREF//00000000004058
/TCRD/00196/
:86:/PREF/E1782470P3083516//MARF/M6-E86//CNTP/NL47INGB0608720280/
INGBNL2A/EasyPay terzake Bidfood///REMI/USTD//iDeal payment ID877
861/
:61:2302080208C260,73NTRFPREF//00000000009546
/TCRD/009/
:86:/PREF/E3863921P2557556//CNTP/NL57KNAB0226456054/KNABNL2H/N. W
al///REMI/USTD//contributie feb 23/
:61:2302080208C48,66NTRFEREF//00000000003621
/TCRD/00476/
:86:/EREF/E7545750P5626749//CSID/NL476410Z5498762//CNTP/NL84RABO0
338058125/RABONL2U/V. Smeets///REMI/USTD//Donatie/
:61:2302080208C194,55NTRFPREF//000000000036
/TCRD/00613/
:86:/PREF/E8477929P890918//CSID/NL2801432Z8124789//CNTP/NL19INGB0
259300691/INGBNL2A/N. Wal///REMI/USTD//contributie jan 2023/
:61:2302080208D83,70NTRFEREF//00000000006601
/TCRD/00761/
:86:/EREF/E8767766P7668204//CNTP/NL99ABAN0869104546/ABNANL2A/ACC8
1551///REMI/USTD//Factuur 324191/
:61:2302080208C229,82NTRFPREF//00000000004596
/TCRD/00720/
:86:/PREF/E7797444P7610858//CNTP/NL20BUNQ0318583148/BUNQNL2A/G. V
eenstra///REMI/USTD//contributie Feb 2023/
:61:2302080208C133,51NTRFEREF//00000000008175
/TCRD/00583/
:86:/EREF/E3511688P2740433//CNTP/NL67INGB0789082171/INGBNL2A/I. K
uiper///REMI/USTD//Factuur 916141/
:61:2302080208C194,82NTRFEREF//00000000005486
/TCRD/00782/
:86:/EREF/E9531690P3978093//CNTP/NL88RABO0543361157/RABONL2U/X. H
aan///REMI/USTD//factuur 694534/
:61:2302080208C140,96NTRFEREF//00000000004473
/TCRD/00938/
:86:/EREF/E3573843P4199862//CNTP/NL14BUNQ0434932009/BUNQNL2A/G. V
ries///REMI/USTD//factuur 777788/
:61:2302080208C194,29NTRFEREF//00000000004663
/TCRD/00137/
:86:/EREF/E1212223P2282364//CNTP/NL84KNAB0801123272/KNABNL2H/K. V
liet///REMI/USTD//factuur 777813/
:61:2302080208C198,57NTRFEREF//00000000006269
/TCRD/00823/
:86:/EREF/E7322911P658619//CNTP/NL14ABAN0179420937/ABNANL2A/H. Bl
om///REMI/USTD//Factuur 719386/
:61:2302080208D613,70NDDTPREF//00000000005100
/TCRD/00961/
:86:/PREF/E2984485P6916579//CNTP/NL87BUNQ0969206479/BUNQNL2A/Glob
alCollect terzake Bronsport B.V.///REMI/USTD//iDeal betaling C980
000/
:61:2302080208C225,46NTRFPREF//00000000004184
/TCRD/00582/
:86:/PREF/E461753P9019693//CSID/NL3014680Z1606121//CNTP/NL28ABAN0
126075990/ABNANL2A/S. Verbeek///REMI/USTD//Contributie Feb 23/
:61:2302080208D126,30NDDTPREF//00000000007717
/TCRD/00194/
:86:/PREF/E1661466P3488711//MARF/M2-E30//CNTP/NL38INGB0870650008/
INGBNL2A/Bidfood///REMI/USTD//PIN 76689 CL/
:61:2302080208C228,15NTRFEREF//00000000004142
/TCRD/007/
:86:/EREF/E3571829P9444280//CSID/NL6400197Z196372//CNTP/NL66BUNQ0
698965454/BUNQNL2A/V. Leeuwen///REMI/USTD//Factuur 175952/
:61:2302080208D107,59NDDTEREF//00000000001318
/TCRD/00907/
:86:/EREF/E7814567P4240138//CNTP/NL56INGB0568255685/INGBNL2A/Slig
ro///REMI/USTD//DEBIT 21314/
:61:2302080208C177,08NTRFPREF//0000000000992
/TCRD/00361/
:86:/PREF/E1301399P9028165//MARF/M8-E54//CNTP/NL33KNAB0611429492/
KNABNL2H/F. Kramer///REMI/USTD//Factuur 889964/
:61:2302080208D477,61NDDTEREF//00000000008820
/TCRD/00193/
:86:/EREF/E7055840P3955479//CNTP/NL45BUNQ0395149159/BUNQNL2A/Easy
Pay terzake Bronsport B.V.///REMI/USTD//iDeal betaling id-531778/
:61:2302080208C112,44NTRFPREF//00000000009090
/TCRD/00937/
:86:/PREF/E7073242P9732439//MARF/M4-E12//CNTP/NL39BUNQ0911217860/
BUNQNL2A/W. Schouten///REMI/USTD//Factuur 433278/
:61:2302080208C37,16NTRFPREF//0000000000422
/TCRD/00303/
:86:/PREF/E9207686P8002425//MARF/M4-E88//CSID/NL3459343Z3172542//
CNTP/NL69INGB0378092165/INGBNL2A/R. Velde///REMI/USTD//donatie/
:61:2302080208C36,58NTRFEREF//00000000007579
/TCRD/00995/
:86:/EREF/E2467806P7615833//MARF/M5-E33//CNTP/NL85KNAB0796380276/
KNABNL2H/D. Velde///REMI/USTD//donatie, Klantnr. 6277/
:61:2302080208C156,85NTRFEREF//0000000000498
/TCRD/00375/
:86:/EREF/E3420847P3894965//CNTP/NL11RABO0994221539/RABONL2U/T. G
root///REMI/USTD//Factuur 678669/
:61:2302080208C245,56NTRFEREF//00000000005740
/TCRD/0081/
:86:/EREF/E5673940P3677206//MARF/M4-E1//CNTP/NL45KNAB0928550027/K
NABNL2H/I. Velden///REMI/USTD//Factuur 351980/
:61:2302080208C32,23NTRFPREF//00000000008440
/TCRD/00685/
:86:/PREF/E6317879P3196780//CSID/NL2956065Z6362185//CNTP/NL16BUNQ
0817425690/BUNQNL2A/K. Wal///REMI/USTD//Donatie/
:61:2302080208D129,71NTRFPREF//00000000001536
/TCRD/00451/
:86:/PREF/E1144546P569221//CNTP/NL62KNAB0486141168/KNABNL2H/Belas
tingdienst///REMI/USTD//factuur 476691/
:62F:C230208EUR2410,27
:64:C230208EUR2410,27
:65:C230209EUR2410,27
:65:C230212EUR2410,27
:86:/SUM/19/48/6381,86/7576,89/
-}
