{1:F01INGBNL2ABXXX0000000000}
{2:I940INGBNL2AXXXXN}
{4:
:20:P230210000000001
:25:NL65RABO0224663562EUR
:28C:13040
:60F:C230209EUR590,97
:61:2302100210C219,81NTRFEREF//00000000003071
/TCRD/00764/
:86:/EREF/E5540739P2789815//CSID/NL9513398Z9262618//CNTP/NL71KNAB
0946967347/KNABNL2H/B. Velde///REMI/USTD//Factuur 479359/
:61:2302100210C231,54NTRFEREF//00000000007655
/TCRD/00376/
:86:/EREF/E9145291P1331484//CSID/NL6048349Z1902933//CNTP/NL61KNAB
0470120214/KNABNL2H/W. Vliet///REMI/USTD//Contributie FEB 2023/
:61:2302100210C105,98NTRFEREF//00000000006857
/TCRD/00741/
:86:/EREF/E1131600P9386256//MARF/M8-E89//CNTP/NL24KNAB0487479444/
KNABNL2H/O. Molenaar///REMI/USTD//Contributie Feb 2023/
:61:2302100210D293,19NDDTEREF//0000000000336
/TCRD/00517/
:86:/EREF/E2083346P6336439//CSID/NL1542446Z9722783//CNTP/NL80KNAB
0879627134/KNABNL2H/Bronsport B.V.///REMI/USTD//PAS 31776 CL/
:61:2302100210C21,82NTRFPREF//00000000004381
/TCRD/0028/
:86:/PREF/E5189179P5862277//CNTP/NL91KNAB0921965046/KNABNL2H/E. B
roek///REMI/USTD//Donatie/
:61:2302100210D419,74NDDTPREF//00000000008751
/TCRD/00407/
:86:/PREF/E8334483P6388977//MARF/M6-E90//CSID/NL9861783Z3167965//
CNTP/NL39BUNQ0466357948/BUNQNL2A/GlobalCollect terzake Idema///RE
MI/USTD//iDeal betaling C858369/
:61:2302100210C202,93NTRFPREF//000000000019
/TCRD/00761/
:86:/PREF/E8303409P3431603//CNTP/NL14INGB0486606673/INGBNL2A/B. S
chipper///REMI/USTD//Contributie Feb 23/
:61:2302100210D615,22NDDTPREF//00000000004353
/TCRD/0081/
:86:/PREF/E3839262P8359520//MARF/M5-E94//CSID/NL1360778Z270700//C
NTP/NL71INGB0279758193/INGBNL2A/EasyPay terzake Idema///REMI/USTD
//iDeal betaling id-743467/
:61:2302100210C254,29NTRFEREF//00000000008278
/TCRD/00524/
:86:/EREF/E5514305P509145//MARF/M1-E89//CNTP/NL20RABO0477719129/R
ABONL2U/P. Doorn///REMI/USTD//Contributie Feb 23/
:61:2302100210C130,61NTRFEREF//00000000003106
/TCRD/00284/
:86:/EREF/E5602722P4426143//CNTP/NL54KNAB0808054604/KNABNL2H/G. P
rins///REMI/USTD//contributie FEB 23/
:61:2302100210C248,12NTRFEREF//00000000001263
/TCRD/00481/
:86:/EREF/E1626282P2928254//CNTP/NL41BUNQ0630183183/BUNQNL2A/X. S
cholten///REMI/USTD//contributie jan 2023/
:61:2302100210C27,01NTRFEREF//00000000006122
/TCRD/00364/
:86:/EREF/E2904864P9558370//CNTP/NL64KNAB0676747974/KNABNL2H/Y. W
illemsen///REMI/USTD//Donatie/
:61:2302100210C256,34NTRFPREF//00000000004570
/TCRD/00560/
:86:/PREF/E2563480P4008493//CNTP/NL27KNAB0179763600/KNABNL2H/L. H
eijden///REMI/USTD//contributie Feb 23/
:61:2302100210C100,27NTRFEREF//00000000007763
/TCRD/00434/
:86:/EREF/E6314837P1485855//CNTP/NL73ABAN0973717846/ABNANL2A/Z. T
immermans///REMI/USTD//contributie jan 2023/
:61:2302100210C209,12NTRFPREF//00000000008680
/TCRD/00860/
:86:/PREF/E6912899P1698950//CNTP/NL59KNAB0715822173/KNABNL2H/Z. V
erbeek///REMI/USTD//Factuur 369565/
:61:2302100210C184,44NTRFPREF//00000000001537
/TCRD/00316/
:86:/PREF/E2715383P5512892//CNTP/NL73INGB0812746635/INGBNL2A/M. M
eer///REMI/USTD//factuur 244271/
:61:2302100210C155,70NTRFEREF//00000000002474
/TCRD/00166/
:86:/EREF/E2780804P4128011//CNTP/NL47INGB0152742334/INGBNL2A/R. E
vers///REMI/USTD//contributie FEB 2023/
:61:2302100210C117,30NTRFEREF//00000000004214
/TCRD/00983/
:86:/EREF/E5205411P140307//CSID/NL4533902Z1243432//CNTP/NL51KNAB0
982081555/KNABNL2H/M. Ruiter///REMI/USTD//Contributie Feb 23/
:61:2302100210C123,97NTRFEREF//00000000001733
/TCRD/00319/
:86:/EREF/E6285741P7842408//CNTP/NL58KNAB0598988679/KNABNL2H/Y. V
os///REMI/USTD//Factuur 442308 klantnr 3407/
:61:2302100210D210,01NDDTPREF//00000000007175
/TCRD/0041/
:86:/PREF/E9305136P2841140//CNTP/NL20ABAN0443979418/ABNANL2A/Leba
 Sport///REMI/USTD//DEBIT Mastercard-63212 CL/
:61:2302100210C135,06NTRFEREF//00000000002275
/TCRD/00656/
:86:/EREF/E9146890P2236965//CNTP/NL81KNAB0906443407/KNABNL2H/E. B
osman///REMI/USTD//Contributie jan 23/
:61:2302100210C132,10NTRFEREF//00000000001731
/TCRD/00527/
:86:/EREF/E8819720P7677061//CNTP/NL21INGB0875944882/INGBNL2A/H. J
ong///REMI/USTD//Factuur 292079/
:61:2302100210C158,62NTRFPREF//00000000004688
/TCRD/00215/
:86:/PREF/E3000142P7033677//CNTP/NL83ABAN0132777040/ABNANL2A/A. L
ange///REMI/USTD//Contributie feb 23/
:61:2302100210C159,62NTRFEREF//00000000002810
/TCRD/00357/
:86:/EREF/E5583322P1010790//CSID/NL2468672Z8765377//CNTP/NL70ABAN
0997307986/ABNANL2A/L. Linden///REMI/USTD//factuur 67249 Klantnr.
 2085/
:61:2302100210C118,15NTRFEREF//00000000006802
/TCRD/0070/
:86:/EREF/E3982397P545015//CNTP/NL35ABAN0383884031/ABNANL2A/D. Di
jk///REMI/USTD//Factuur 51429/
:61:2302100210C157,02NTRFEREF//00000000001857
/TCRD/00341/
:86:/EREF/E2362192P7630321//CNTP/NL50BUNQ0452624625/BUNQNL2A/W. W
ijk///REMI/USTD//contributie Feb 2023/
:61:2302100210C233,40NTRFPREF//00000000007127
/TCRD/00705/
:86:/PREF/E7177657P5199492//CNTP/NL35BUNQ0287443903/BUNQNL2A/A. L
inden///REMI/USTD//Factuur 36509 Klantnr. 5781/
:61:2302100210D772,64NDDTEREF//00000000001775
/TCRD/00327/
:86:/EREF/E7477698P3873262//CNTP/NL41KNAB0718683975/KNABNL2H/Glob
alCollect terzake Van Holland Sport///REMI/USTD//iDeal betaling C
290346/
:61:2302100210C131,75NTRFPREF//00000000006630
/TCRD/00179/
:86:/PREF/E5805350P3973371//CNTP/NL68KNAB0691348273/KNABNL2H/V. H
orst///REMI/USTD//Contributie feb 2023/
:61:2302100210D786,73NDDTEREF//00000000002533
/TCRD/0045/
:86:/EREF/E8892319P6584928//CNTP/NL14RABO0680124116/RABONL2U/Glob
alCollect terzake Van Holland Sport///REMI/USTD//iDeal betaling I
D513096/
:61:2302100210C137,63NTRFEREF//00000000002984
/TCRD/00634/
:86:/EREF/E7120935P4396388//CNTP/NL79KNAB0363450420/KNABNL2H/Y. H
eijden///REMI/USTD//Contributie FEB 23/
:61:2302100210C276,60NTRFEREF//00000000005374
/TCRD/00969/
:86:/EREF/E5690171P7594302//CNTP/NL22KNAB0218027542/KNABNL2H/Q. V
ries///REMI/USTD//Factuur 34475/
:61:2302100210C184,15NTRFEREF//00000000007438
/TCRD/00957/
:86:/EREF/E6855109P4682758//MARF/M5-E89//CNTP/NL19BUNQ0384526574/
BUNQNL2A/U. Dijkstra///REMI/USTD//contributie FEB 23/
:61:2302100210D200,68NDDTPREF//00000000009182
/TCRD/00257/
:86:/PREF/E3044251P8694796//CNTP/NL96INGB0577781270/INGBNL2A/Bron
sport B.V.///REMI/USTD//PAS 72375 CL/
:61:2302100210C10,24NTRFEREF//00000000008670
/TCRD/00622/
:86:/EREF/E7214426P9937990//CNTP/NL75ABAN0473922052/ABNANL2A/R. H
ermans///REMI/USTD//Donatie/
:61:2302100210C243,51NTRFPREF//00000000003010
/TCRD/0022/
:86:/PREF/E9100714P9145762//MARF/M3-E11//CNTP/NL72KNAB0255510512/
KNABNL2H/E. Velde///REMI/USTD//Factuur 558193 Klantnr. 9326/
:61:2302100210C122,61NTRFPREF//00000000009452
/TCRD/00449/
:86:/PREF/E6064282P8117509//CNTP/NL51ABAN0924479540/ABNANL2A/F. P
eters///REMI/USTD//Factuur 777659/
:61:2302100210C169,54NTRFEREF//00000000001432
/TCRD/00469/
:86:/EREF/E8526859P2497591//CNTP/NL26ABAN0804851703/ABNANL2A/H. D
ijkstra///REMI/USTD//factuur 677970/
:61:2302100210C175,55NTRFPREF//00000000007494
/TCRD/00579/
:86:/PREF/E3855700P6975482//CNTP/NL19ABAN0553787199/ABNANL2A/C. H
ofman///REMI/USTD//Contributie feb 2023/
:61:2302100210C205,89NTRFPREF//00000000005235
/TCRD/0097/
:86:/PREF/E8485818P1130763//CNTP/NL70RABO0944434228/RABONL2U/F. V
elde///REMI/USTD//Contributie feb 2023/
:61:2302100210C241,80NTRFEREF//00000000008260
/TCRD/00270/
:86:/EREF/E1775300P8371824//CNTP/NL59INGB0673817357/INGBNL2A/Q. D
am///REMI/USTD//Contributie jan 2023/
:61:2302100210D751,93NDDTEREF//00000000009320
/TCRD/00542/
:86:/EREF/E5630773P4606260//CNTP/NL51INGB0954669995/INGBNL2A/Easy
Pay terzake Van Holland Sport///REMI/USTD//iDeal betaling id-5701
22/
:61:2302100210C160,93NTRFEREF//0000000000315
/TCRD/00214/
:86:/EREF/E8229424P3364290//CNTP/NL90RABO0302646344/RABONL2U/K. P
ol///REMI/USTD//factuur 839896/
:61:2302100210C200,94NTRFPREF//00000000002970
/TCRD/00205/
:86:/PREF/E8735982P4243747//CNTP/NL36INGB0281154385/INGBNL2A/L. B
ruijn///REMI/USTD//factuur 122553, Klantnr. 1296/
:61:2302100210C175,41NTRFPREF//00000000001883
/TCRD/00929/
:86:/PREF/E1635589P7174116//CNTP/NL36RABO0668918084/RABONL2U/B. V
eenstra///REMI/USTD//contributie feb 2023/
:61:2302100210D432,08NDDTPREF//00000000007154
/TCRD/0091/
:86:/PREF/E6220466P8705410//CNTP/NL65INGB0753311062/INGBNL2A/Eile
rs sport///REMI/USTD//PIN Maestro 58634/
:61:2302100210C258,12NTRFEREF//00000000009418
/TCRD/00783/
:86:/EREF/E9048762P9565988//CNTP/NL79KNAB0565913197/KNABNL2H/Z. L
oon///REMI/USTD//Contributie FEB 23/
:61:2302100210D62,33NTRFEREF//0000000000775
/TCRD/00586/
:86:/EREF/E4807394P7970318//MARF/M2-E75//CNTP/NL51BUNQ0889682023/
BUNQNL2A/Jonker///REMI/USTD//Factuur 822096/
:61:2302100210C20,89NTRFPREF//00000000009236
/TCRD/00606/
:86:/PREF/E1855006P3607456//CNTP/NL21BUNQ0550787498/BUNQNL2A/T. R
uiter///REMI/USTD//donatie/
:61:2302100210D144,84NTRFEREF//00000000007629
/TCRD/00686/
:86:/EREF/E2030015P5078582//CSID/NL9835955Z417764//CNTP/NL29RABO0
513379413/RABONL2U/ACC16171///REMI/USTD//Factuur 714502/
:61:2302100210C179,52NTRFPREF//00000000002814
/TCRD/00758/
:86:/PREF/E3628807P8596134//CSID/NL588181Z3898439//CNTP/NL23RABO0
170915053/RABONL2U/I. Bosch///REMI/USTD//contributie FEB 2023/
:61:2302100210D71,70NTRFPREF//00000000002155
/TCRD/00132/
:86:/PREF/E1190124P1671481//CNTP/NL12BUNQ0494253173/BUNQNL2A/Meij
er///REMI/USTD//Factuur 22654/
:61:2302100210D114,45NTRFEREF//00000000001746
/TCRD/0052/
:86:/EREF/E5870162P7119624//MARF/M8-E73//CNTP/NL48ABAN0453199607/
ABNANL2A/ACC56289///REMI/USTD//Factuur 5628/
:61:2302100210D365,23NDDTPREF//00000000004415
/TCRD/00202/
:86:/PREF/E9460461P2200023//CSID/NL5153501Z2233334//CNTP/NL25BUNQ
0641059404/BUNQNL2A/Hocras///REMI/USTD//DEBIT 26605/
:61:2302100210D416,22NDDTEREF//00000000004396
/TCRD/00756/
:86:/EREF/E3010800P28998//MARF/M0-E58//CSID/NL5224087Z3213508//CN
TP/NL88KNAB0560085126/KNABNL2H/Bronsport B.V.///REMI/USTD//CARD M
aestro 40349/
:61:2302100210D359,34NDDTPREF//00000000008300
/TCRD/00683/
:86:/PREF/E1769441P4022342//CNTP/NL22INGB0217891282/INGBNL2A/Eile
rs sport///REMI/USTD//PAS Mastercard-76226/
:61:2302100210D725,76NDDTPREF//00000000006167
/TCRD/00622/
:86:/PREF/E8200978P7714358//CNTP/NL71ABAN0490285670/ABNANL2A/Glob
alCollect terzake Idema///REMI/USTD//iDeal betaling C676519/
:61:2302100210C260,01NTRFEREF//0000000000257
/TCRD/00252/
:86:/EREF/E6456270P6558092//CSID/NL3186224Z3833520//CNTP/NL43ABAN
0605213509/ABNANL2A/Y. Kramer///REMI/USTD//Factuur 858341/
:61:2302100210C54,00NTRFPREF//00000000005305
/TCRD/00860/
:86:/PREF/E206475P4307241//CSID/NL8127536Z6472710//CNTP/NL38RABO0
200587702/RABONL2U/G. Hendriks///REMI/USTD//donatie/
:61:2302100210C196,22NTRFEREF//00000000007552
/TCRD/00555/
:86:/EREF/E9144812P8391590//MARF/M3-E17//CNTP/NL15KNAB0510830517/
KNABNL2H/P. Hendriks///REMI/USTD//contributie jan 23/
:61:2302100210C215,84NTRFPREF//00000000006456
/TCRD/00962/
:86:/PREF/E4069591P9373611//MARF/M3-E53//CNTP/NL22ABAN0888184186/
ABNANL2A/I. Hoekstra///REMI/USTD//Factuur 404661/
:61:2302100210C239,74NTRFEREF//00000000002224
/TCRD/00951/
:86:/EREF/E6034717P2805625//MARF/M7-E12//CSID/NL1016226Z8834423//
CNTP/NL55ABAN0314725450/ABNANL2A/M. Heuvel///REMI/USTD//contribut
ie feb 23/
:61:2302100210C274,74NTRFPREF//00000000004299
/TCRD/0045/
:86:/PREF/E7289574P1983944//CSID/NL7850204Z7827379//CNTP/NL57KNAB
0425723990/KNABNL2H/L. Willemsen///REMI/USTD//Factuur 769105/
:61:2302100210D436,70NDDTEREF//0000000000556
/TCRD/0074/
:86:/EREF/E279004P3481783//CSID/NL1622667Z3125210//CNTP/NL62INGB0
952441111/INGBNL2A/Stripe terzake Eilers sport///REMI/USTD//iDeal
 payment ID426921/
:61:2302100210C186,83NTRFEREF//00000000005496
/TCRD/00136/
:86:/EREF/E9893981P3549046//CSID/NL3161179Z7401683//CNTP/NL89ABAN
0906303878/ABNANL2A/Z. Hofman///REMI/USTD//contributie jan 23/
:61:2302100210C235,14NTRFEREF//0000000000689
/TCRD/00795/
:86:/EREF/E371755P9152533//CNTP/NL32BUNQ0866360666/BUNQNL2A/W. Bo
s///REMI/USTD//Contributie feb 23/
:61:2302100210C199,45NTRFEREF//00000000006214
/TCRD/00108/
:86:/EREF/E4493847P3460775//CSID/NL5276310Z8504925//CNTP/NL57RABO
0766517698/RABONL2U/P. Groen///REMI/USTD//contributie feb 2023/
:61:2302100210C110,37NTRFPREF//0000000000523
/TCRD/00998/
:86:/PREF/E4407973P616775//CNTP/NL76KNAB0731447414/KNABNL2H/X. Ku
ijpers///REMI/USTD//contributie Feb 23/
:61:2302100210D287,79NDDTEREF//00000000008561
/TCRD/00962/
:86:/EREF/E3539984P2478911//CNTP/NL53INGB0692028747/INGBNL2A/Leba
 Sport///REMI/USTD//card Mastercard-70040/
:61:2302100210C168,13NTRFEREF//00000000008443
/TCRD/00602/
:86:/EREF/E6824895P254005//CNTP/NL57BUNQ0223400521/BUNQNL2A/S. La
nge///REMI/USTD//Factuur 98896/
:62F:C230210EUR1843,16
:64:C230210EUR1843,16
:65:C230211EUR1843,16
:65:C230214EUR1843,16
:86:/SUM/19/51/7466,58/8718,77/
-}
